@misc{BOB,
	title = "BOB - Distributed BLOB storage [Электронный ресурс]",
	howpublished = "Режим доступа: \url{https://github.com/qoollo/bob} (дата
	                обращения: 01.07.2023)",
}

@misc{web,
	title = "What is a Web Application? [Электронный ресурс]",
	howpublished = "Режим доступа: \url{
	                https://www.stackpath.com/edge-academy/what-is-a-web-application
	                } (дата обращения: 01.07.2023)",
}

@misc{api,
	title = "What is an API? [Электронный ресурс]",
	howpublished = "Режим доступа: \url{ https://www.ibm.com/topics/api } (дата
	                обращения: 01.07.2023)",
}

@misc{oss,
	title = "What is open source software? [Электронный ресурс]",
	howpublished = "Режим доступа: \url{
	                https://opensource.com/resources/what-open-source } (дата
	                обращения: 01.07.2023)",
}

@book{cowell2023automating,
	title = {Automating DevOps with GitLab CI/CD Pipelines: Build efficient CI/CD
	         pipelines to verify, secure, and deploy your code using real-life
	         examples},
	author = {Cowell, C. and Lotz, N. and Timberlake, C.},
	isbn = {9781803242934},
	url = {https://books.google.ru/books?id=X36rEAAAQBAJ},
	year = {2023},
	publisher = {Packt Publishing},
}

@misc{database,
	title = "Что такое база данных | Oracle Россия и СНГ [Электронный ресурс]",
	howpublished = "Режим доступа: \url{
	                https://www.oracle.com/ru/database/what-is-database/} (дата
	                обращения: 01.07.2023)",
}

@misc{subd,
	title = "Что такое СУБД - RU-CENTER [Электронный ресурс]",
	howpublished = "Режим доступа: \url{
	                https://www.nic.ru/help/chto-takoe-subd_8580.html} (дата
	                обращения: 01.07.2023)",
}

@misc{citysoft,
	title = "ООО <<СитиСофт>> [Электронный ресурс]",
	howpublished = "Режим доступа: \url{
	                https://www.nic.ru/help/chto-takoe-subd_8580.html} (дата
	                обращения: 01.07.2023)",
}

@misc{rust,
	title = "Rust Programming Language [Электронный ресурс]",
	howpublished = "Режим доступа: \url{
	                https://www.rust-lang.org/} (дата
	                обращения: 01.07.2023)",
}

@book{rustbook,
  title={The Rust Programming Language, 2nd Edition},
  author={Klabnik, S. and Nichols, C.},
  isbn={9781718503113},
  url={https://books.google.ru/books?id=a8l9EAAAQBAJ},
  year={2023},
  publisher={No Starch Press}
}

@misc{openapi,
	title = "OpenAPI Specification [Электронный ресурс]",
	howpublished = "Режим доступа: \url{
	               https://swagger.io/specification/ } (дата обращения: 01.07.2023)",
}

@misc{axum,
	title = "axum - Rust | Docs.rs [Электронный
	         ресурс]",
	howpublished = "Режим доступа: \url{
	                https://docs.rs/axum/latest/axum/
	                } (дата обращения: 01.07.2023)",
}

@misc{TypeScript,
	title = "Microsoft TypeScript: the JavaScript we need, or a solution looking for a problem? [Электронный ресурс]",
	howpublished = "Режим доступа: \url{https://arstechnica.com/information-technology/2012/10/microsoft-typescript-the-javascript-we-need-or-a-solution-looking-for-a-problem/}
	                (дата обращения: 01.07.2023)",
}

@misc{nextjs,
	title = "Next.js Documentation [Электронный ресурс]",
	howpublished = "Режим доступа: \url{https://nextjs.org/docs}
	                (дата обращения: 01.07.2023)",
}

@misc{react,
	title = "Common Lisp [Электронный ресурс]",
	howpublished = "Режим доступа: \url{https://lisp-lang.org/} (дата обращения:
	                01.07.2023)",
}

@misc{jvm,
	title = "What is the JVM? Introducing the Java Virtual Machine | InfoWorld
	         [Электронный ресурс]",
	howpublished = "Режим доступа: \url{
	                https://www.infoworld.com/article/3272244/what-is-the-jvm-introducing-the-java-virtual-machine.html
	                } (дата обращения: 01.07.2023)",
}

@misc{kotlin,
	title = "Kotlin Programming Language [Электронный ресурс]",
	howpublished = "Режим доступа: \url{https://kotlinlang.org/} (дата обращения:
	                01.07.2023)",
}

@misc{jackson,
	title = "FasterXML/jackson [Электронный ресурс]",
	howpublished = "Режим доступа: \url{https://github.com/FasterXML/jackson}
	                (дата обращения: 01.07.2023)",
}

@misc{JSON,
	title = "JSON | MDN [Электронный ресурс]",
	howpublished = "Режим доступа: \url{
	                https://developer.mozilla.org/en-US/docs/Learn/JavaScript/Objects/JSON
	                } (дата обращения: 01.07.2023)",
}

@misc{datomic-facts,
	title = "Datomic Queries and Rules | Datomic [Электронный ресурс]",
	howpublished = "Режим доступа: \url{
	                https://docs.datomic.com/on-prem/query/query.html} (дата
	                обращения: 01.07.2023)",
}

@misc{hash-map,
	title = "HashMap Under the Hood | Baeldung [Электронный ресурс]",
	howpublished = "Режим доступа: \url{
	                https://www.baeldung.com/java-hashmap-advanced} (дата
	                обращения: 01.07.2023)",
}

@misc{threading-macro,
	title = "Clojure - Threading Macros [Электронный ресурс]",
	howpublished = "Режим доступа: \url{
	                https://clojure.org/guides/threading_macros} (дата обращения:
	                01.07.2023)",
}

@misc{destructuring,
	title = "Clojure - destructuring [Электронный ресурс]",
	howpublished = "Режим доступа: \url{https://clojure.org/guides/destructuring}
	                (дата обращения: 01.07.2023)",
}

@misc{datomic,
	title = "Overview | Datomic [Электронный ресурс]",
	howpublished = "Режим доступа: \url{
	                https://docs.datomic.com/on-prem/overview/overview.html} (дата
	                обращения: 01.07.2023)",
}

@misc{datalog,
	title = "Datalog: Deductive Database Programming [Электронный ресурс]",
	howpublished = "Режим доступа: \url{https://docs.racket-lang.org/datalog/}
	                (дата обращения: 01.07.2023)",
}

@misc{arrival,
	title = "Arrival | Zero-emission Solutions [Электронный ресурс]",
	howpublished = "Режим доступа: \url{https://arrival.com/world/en} (дата
	                обращения: 01.07.2023)",
}

@misc{nosql,
	title = "Что такое NoSQL? | Amazon AWS [Электронный ресурс]",
	howpublished = "Режим доступа: \url{https://aws.amazon.com/ru/nosql/} (дата
	                обращения: 01.07.2023)",
}

@misc{clojure,
	title = "Clojure [Электронный ресурс]",
	howpublished = "Режим доступа: \url{https://clojure.org/} (дата обращения:
	                01.07.2023)",
}
